
@article{thoma_hasyv2_2017,
	title = {The {HASYv}2 dataset},
	url = {http://arxiv.org/abs/1701.08380},
	abstract = {This paper describes the HASYv2 dataset. HASY is a publicly available, free of charge dataset of single symbols similar to MNIST. It contains 168233 instances of 369 classes. HASY contains two challenges: A classification challenge with 10 pre-defined folds for 10-fold cross-validation and a verification challenge.},
	urldate = {2019-04-30},
	journal = {arXiv:1701.08380 [cs]},
	author = {Thoma, Martin},
	month = jan,
	year = {2017},
	note = {arXiv: 1701.08380},
	keywords = {Computer Science - Computer Vision and Pattern Recognition},
	file = {arXiv\:1701.08380 PDF:C\:\\Users\\zagod\\Documents\\MEGA\\universita\\library\\storage\\VJ4EXCVU\\Thoma - 2017 - The HASYv2 dataset.pdf:application/pdf;arXiv.org Snapshot:C\:\\Users\\zagod\\Documents\\MEGA\\universita\\library\\storage\\5J78CPXX\\1701.html:text/html}
}