
@misc{kumar_phonepi_sampleserver_2019,
	title = {{PhonePi}\_SampleServer},
	copyright = {MIT},
	url = {https://github.com/priyankark/PhonePi_SampleServer},
	urldate = {2019-05-20},
	author = {Kumar, Priyankar},
	month = may,
	year = {2019},
	note = {original-date: 2017-05-17T06:24:56Z}
}

@misc{numpy_gradient,
	title = {numpy.gradient — {NumPy} v1.16 {Manual}},
	url = {https://docs.scipy.org/doc/numpy/reference/generated/numpy.gradient.html},
	urldate = {2019-05-30},
	file = {numpy.gradient — NumPy v1.16 Manual:/home/dede/Documents/MEGA/universita/library/storage/GUASLS4D/numpy.gradient.html:text/html}
}
